<?xml version="1.0" encoding="UTF-8"?>
<!DOCTYPE html PUBLIC "-//W3C//DTD XHTML 1.0 Transitional//EN"
    "http://www.w3.org/TR/xhtml1/DTD/xhtml1-transitional.dtd">
<html xmlns="http://www.w3.org/1999/xhtml" xml:lang="en" lang="en">
 <head>
  <title>
</title>
<meta http-equiv="Content-Type" content="text/html;charset=utf-8" />
  <meta name='ocr-system' content='tesseract 3.04.00' />
  <meta name='ocr-capabilities' content='ocr_page ocr_carea ocr_par ocr_line ocrx_word'/>
</head>
<body>
  <div class='ocr_page' id='page_1' title='image "./ordodedicationis00gale_0029.png"; bbox 0 0 2144 3163; ppageno 0'>
   <div class='ocr_carea' id='block_1_1' title="bbox 90 74 1945 2902">
    <p class='ocr_par' dir='ltr' id='par_1_1' title="bbox 97 72 1945 2172">
     <span class='ocr_line' id='line_1_1' title="bbox 108 74 1938 170; baseline -0.003 -23"><span class='ocrx_word' id='word_1_1' title='bbox 108 77 471 147; x_wconf 62' lang='lat' dir='ltr'><strong>exorcismis</strong></span> <span class='ocrx_word' id='word_1_2' title='bbox 492 125 508 153; x_wconf 87' lang='lat'>,</span> <span class='ocrx_word' id='word_1_3' title='bbox 535 74 890 170; x_wconf 81' lang='lat' dir='ltr'><strong>precibusq.</strong></span> <span class='ocrx_word' id='word_1_4' title='bbox 915 74 1090 138; x_wconf 77' lang='lat' dir='ltr'><strong>sacris</strong></span> <span class='ocrx_word' id='word_1_5' title='bbox 1115 77 1337 166; x_wconf 80' lang='lat' dir='ltr'><strong>expiari</strong></span> <span class='ocrx_word' id='word_1_6' title='bbox 1361 122 1376 150; x_wconf 87' lang='lat'>,</span> <span class='ocrx_word' id='word_1_7' title='bbox 1399 96 1459 139; x_wconf 86' lang='lat' dir='ltr'><strong>et</strong></span> <span class='ocrx_word' id='word_1_8' title='bbox 1479 90 1938 169; x_wconf 64' lang='lat' dir='ltr'><strong>crucem,qt=.am</strong></span> 
     </span>
     <span class='ocr_line' id='line_1_2' title="bbox 107 166 1945 262; baseline -0.002 -27"><span class='ocrx_word' id='word_1_9' title='bbox 107 194 291 236; x_wconf 76' lang='lat' dir='ltr'><strong>tanto</strong></span> <span class='ocrx_word' id='word_1_10' title='bbox 309 174 491 262; x_wconf 86' lang='lat' dir='ltr'><strong>operi</strong></span> <span class='ocrx_word' id='word_1_11' title='bbox 528 167 967 260; x_wconf 63' lang='lat' dir='ltr'><strong>praefigendam</strong></span> <span class='ocrx_word' id='word_1_12' title='bbox 1004 166 1283 257; x_wconf 80' lang='lat' dir='ltr'><strong>impense</strong></span> <span class='ocrx_word' id='word_1_13' title='bbox 1318 190 1661 256; x_wconf 70' lang='lat' dir='ltr'><strong>parauerat,</strong></span> <span class='ocrx_word' id='word_1_14' title='bbox 1693 170 1766 232; x_wconf 78' lang='lat' dir='ltr'><strong>acl</strong></span> <span class='ocrx_word' id='word_1_15' title='bbox 1803 194 1945 260; x_wconf 71' lang='lat' dir='ltr'><strong>prze-</strong></span> 
     </span>
     <span class='ocr_line' id='line_1_3' title="bbox 112 257 1937 353; baseline -0.001 -29"><span class='ocrx_word' id='word_1_16' title='bbox 112 262 405 353; x_wconf 77' lang='lat' dir='ltr'><strong>scri-ptum</strong></span> <span class='ocrx_word' id='word_1_17' title='bbox 426 260 572 323; x_wconf 83' lang='lat' dir='ltr'>libri</span> <span class='ocrx_word' id='word_1_18' title='bbox 593 258 970 350; x_wconf 82' lang='lat' dir='ltr'><strong>pontificalis</strong></span> <span class='ocrx_word' id='word_1_19' title='bbox 995 263 1104 322; x_wconf 89' lang='lat' dir='ltr'><strong>rite</strong></span> <span class='ocrx_word' id='word_1_20' title='bbox 1130 257 1417 321; x_wconf 80' lang='lat' dir='ltr'><strong>benedici</strong></span> <span class='ocrx_word' id='word_1_21' title='bbox 1444 259 1674 322; x_wconf 87' lang='lat' dir='ltr'><strong>voluit.</strong></span> <span class='ocrx_word' id='word_1_22' title='bbox 1719 263 1937 346; x_wconf 82' lang='lat' dir='ltr'><strong>Qem</strong></span> 
     </span>
     <span class='ocr_line' id='line_1_4' title="bbox 110 347 1937 439; baseline -0.003 -19"><span class='ocrx_word' id='word_1_23' title='bbox 110 360 256 420; x_wconf 80' lang='lat' dir='ltr'><strong>titus</strong></span> <span class='ocrx_word' id='word_1_24' title='bbox 275 357 484 418; x_wconf 85' lang='lat' dir='ltr'><strong>omnis</strong></span> <span class='ocrx_word' id='word_1_25' title='bbox 508 352 799 416; x_wconf 84' lang='lat' dir='ltr'>ordinem</span> <span class='ocrx_word' id='word_1_26' title='bbox 820 399 837 425; x_wconf 86' lang='lat'><em>,</em></span> <span class='ocrx_word' id='word_1_27' title='bbox 868 355 1044 413; x_wconf 87' lang='lat' dir='ltr'><strong>certis</strong></span> <span class='ocrx_word' id='word_1_28' title='bbox 1069 349 1328 412; x_wconf 75' lang='lat' dir='ltr'>rubricis</span> <span class='ocrx_word' id='word_1_29' title='bbox 1352 347 1714 439; x_wconf 80' lang='lat' dir='ltr'><strong>exscriptum</strong></span> <span class='ocrx_word' id='word_1_30' title='bbox 1736 400 1751 425; x_wconf 86' lang='lat'>‚</span> <span class='ocrx_word' id='word_1_31' title='bbox 1774 377 1937 415; x_wconf 61' lang='lat' dir='ltr'><strong>non„</strong></span> 
     </span>
     <span class='ocr_line' id='line_1_5' title="bbox 109 439 1936 532; baseline -0.002 -23"><span class='ocrx_word' id='word_1_32' title='bbox 109 439 382 509; x_wconf 86' lang='lat' dir='ltr'><strong>alienum</strong></span> <span class='ocrx_word' id='word_1_33' title='bbox 415 441 610 507; x_wconf 89' lang='lat' dir='ltr'><strong>visum</strong></span> <span class='ocrx_word' id='word_1_34' title='bbox 645 444 758 517; x_wconf 86' lang='lat' dir='ltr'><strong>est,</strong></span> <span class='ocrx_word' id='word_1_35' title='bbox 792 463 857 504; x_wconf 89' lang='lat' dir='ltr'><strong>vt</strong></span> <span class='ocrx_word' id='word_1_36' title='bbox 878 466 1026 504; x_wconf 84' lang='lat' dir='ltr'><strong>mox</strong></span> <span class='ocrx_word' id='word_1_37' title='bbox 1056 439 1246 514; x_wconf 81' lang='lat' dir='ltr'><strong>infra,</strong></span> <span class='ocrx_word' id='word_1_38' title='bbox 1280 441 1493 514; x_wconf 85' lang='lat' dir='ltr'><strong>edere,</strong></span> <span class='ocrx_word' id='word_1_39' title='bbox 1517 444 1643 530; x_wconf 77' lang='lat' dir='ltr'><strong>quo</strong></span> <span class='ocrx_word' id='word_1_40' title='bbox 1681 446 1936 532; x_wconf 79' lang='lat' dir='ltr'><strong>explica-</strong></span> 
     </span>
     <span class='ocr_line' id='line_1_6' title="bbox 107 532 1934 621; baseline -0.002 -22"><span class='ocrx_word' id='word_1_41' title='bbox 107 543 232 601; x_wconf 87' lang='lat' dir='ltr'><strong>tior</strong></span> <span class='ocrx_word' id='word_1_42' title='bbox 250 536 320 599; x_wconf 77' lang='lat' dir='ltr'><strong>sit</strong></span> <span class='ocrx_word' id='word_1_43' title='bbox 338 535 632 600; x_wconf 90' lang='lat' dir='ltr'><strong>solemnis</strong></span> <span class='ocrx_word' id='word_1_44' title='bbox 653 532 758 595; x_wconf 67' lang='lat' dir='ltr'><strong>illa</strong></span> <span class='ocrx_word' id='word_1_45' title='bbox 774 537 1026 607; x_wconf 59' lang='lat' dir='ltr'><strong>actio,et</strong></span> <span class='ocrx_word' id='word_1_46' title='bbox 1046 536 1228 595; x_wconf 88' lang='lat' dir='ltr'><strong>omni</strong></span> <span class='ocrx_word' id='word_1_47' title='bbox 1248 554 1549 621; x_wconf 83' lang='lat' dir='ltr'><strong>perpetuo</strong></span> <span class='ocrx_word' id='word_1_48' title='bbox 1567 538 1934 596; x_wconf 45' lang='lat' dir='ltr'><strong>monimen*</strong></span> 
     </span>
     <span class='ocr_line' id='line_1_7' title="bbox 108 622 1937 717; baseline -0.002 -26"><span class='ocrx_word' id='word_1_49' title='bbox 108 651 177 691; x_wconf 88' lang='lat' dir='ltr'><strong>to</strong></span> <span class='ocrx_word' id='word_1_50' title='bbox 212 626 596 717; x_wconf 79' lang='lat' dir='ltr'><strong>dignissima,</strong></span> <span class='ocrx_word' id='word_1_51' title='bbox 631 625 882 714; x_wconf 85' lang='lat' dir='ltr'><strong>posteris</strong></span> <span class='ocrx_word' id='word_1_52' title='bbox 918 623 1376 686; x_wconf 84' lang='lat' dir='ltr'><strong>documentum</strong></span> <span class='ocrx_word' id='word_1_53' title='bbox 1404 622 1508 686; x_wconf 86' lang='lat' dir='ltr'><strong>det</strong></span> <span class='ocrx_word' id='word_1_54' title='bbox 1525 645 1708 714; x_wconf 80' lang='lat' dir='ltr'><strong>atque</strong></span> <span class='ocrx_word' id='word_1_55' title='bbox 1739 649 1937 687; x_wconf 76' lang='lat' dir='ltr'><strong>exem--</strong></span> 
     </span>
     <span class='ocr_line' id='line_1_8' title="bbox 107 713 1933 810; baseline -0.002 -30"><span class='ocrx_word' id='word_1_56' title='bbox 107 718 281 810; x_wconf 87' lang='lat' dir='ltr'><strong>plum</strong></span> <span class='ocrx_word' id='word_1_57' title='bbox 305 722 546 810; x_wconf 83' lang='lat' dir='ltr'><strong>pietatis</strong></span> <span class='ocrx_word' id='word_1_58' title='bbox 565 766 583 787; x_wconf 83' lang='grc'>,</span> <span class='ocrx_word' id='word_1_59' title='bbox 608 738 668 779; x_wconf 82' lang='lat' dir='ltr'><strong>et</strong></span> <span class='ocrx_word' id='word_1_60' title='bbox 685 713 1041 803; x_wconf 70' lang='lat' dir='ltr'><strong>religionis.</strong></span> <span class='ocrx_word' id='word_1_61' title='bbox 1089 721 1258 778; x_wconf 85' lang='lat' dir='ltr'><strong>Dum</strong></span> <span class='ocrx_word' id='word_1_62' title='bbox 1283 714 1408 776; x_wconf 76' lang='lat' dir='ltr'><strong>hztc</strong></span> <span class='ocrx_word' id='word_1_63' title='bbox 1427 714 1933 803; x_wconf 56' lang='lat' dir='ltr'><strong>agebanturssm-</strong></span> 
     </span>
     <span class='ocr_line' id='line_1_9' title="bbox 109 805 1928 900; baseline -0.001 -28"><span class='ocrx_word' id='word_1_64' title='bbox 109 835 217 874; x_wconf 87' lang='lat' dir='ltr'><strong>nes</strong></span> <span class='ocrx_word' id='word_1_65' title='bbox 236 858 253 885; x_wconf 91' lang='lat'>,</span> <span class='ocrx_word' id='word_1_66' title='bbox 276 815 662 900; x_wconf 82' lang='lat' dir='ltr'><strong>quicumque</strong></span> <span class='ocrx_word' id='word_1_67' title='bbox 685 805 937 869; x_wconf 79' lang='lat' dir='ltr'><strong>aderaut</strong></span> <span class='ocrx_word' id='word_1_68' title='bbox 955 854 969 880; x_wconf 91' lang='lat'>‚</span> <span class='ocrx_word' id='word_1_69' title='bbox 995 828 1263 895; x_wconf 88' lang='lat' dir='ltr'><strong>quorum</strong></span> <span class='ocrx_word' id='word_1_70' title='bbox 1287 806 1555 870; x_wconf 78' lang='lat' dir='ltr'><strong>maxima</strong></span> <span class='ocrx_word' id='word_1_71' title='bbox 1589 808 1928 871; x_wconf 87' lang='lat' dir='ltr'><strong>multitudo</strong></span> 
     </span>
     <span class='ocr_line' id='line_1_10' title="bbox 107 894 1930 989; baseline -0.002 -24"><span class='ocrx_word' id='word_1_72' title='bbox 107 900 317 965; x_wconf 88' lang='lat' dir='ltr'><strong>forum</strong></span> <span class='ocrx_word' id='word_1_73' title='bbox 353 898 749 988; x_wconf 83' lang='lat' dir='ltr'><strong>complebat,</strong></span> <span class='ocrx_word' id='word_1_74' title='bbox 778 919 992 986; x_wconf 77' lang='lat' dir='ltr'><strong>praeter</strong></span> <span class='ocrx_word' id='word_1_75' title='bbox 1021 922 1126 960; x_wconf 88' lang='lat' dir='ltr'><strong>eos</strong></span> <span class='ocrx_word' id='word_1_76' title='bbox 1162 902 1269 986; x_wconf 77' lang='lat' dir='ltr'><strong>&#39;qui</strong></span> <span class='ocrx_word' id='word_1_77' title='bbox 1292 899 1321 959; x_wconf 73' lang='lat' dir='ltr'><strong>e</strong></span> <span class='ocrx_word' id='word_1_78' title='bbox 1354 894 1666 972; x_wconf 83' lang='lat' dir='ltr'><strong>fenestris,</strong></span> <span class='ocrx_word' id='word_1_79' title='bbox 1694 901 1930 989; x_wconf 66' lang='lat' dir='ltr'><strong>teestisq.</strong></span> 
     </span>
     <span class='ocr_line' id='line_1_11' title="bbox 111 987 1932 1083; baseline -0.001 -28"><span class='ocrx_word' id='word_1_80' title='bbox 111 991 739 1083; x_wconf 61' lang='lat' dir='ltr'><strong>spectabant‚intiine</strong></span> <span class='ocrx_word' id='word_1_81' title='bbox 779 987 1173 1078; x_wconf 80' lang='lat' dir='ltr'><strong>summopere</strong></span> <span class='ocrx_word' id='word_1_82' title='bbox 1206 993 1292 1050; x_wconf 90' lang='lat' dir='ltr'><strong>rei</strong></span> <span class='ocrx_word' id='word_1_83' title='bbox 1324 987 1567 1050; x_wconf 78' lang='lat' dir='ltr'><strong>summae</strong></span> <span class='ocrx_word' id='word_1_84' title='bbox 1603 988 1932 1079; x_wconf 53' lang='lat' dir='ltr'><strong>perfecim-</strong></span> 
     </span>
     <span class='ocr_line' id='line_1_12' title="bbox 106 1078 1924 1156; baseline -0.001 -11"><span class='ocrx_word' id='word_1_85' title='bbox 106 1107 186 1146; x_wconf 87' lang='lat' dir='ltr'><strong>ne</strong></span> <span class='ocrx_word' id='word_1_86' title='bbox 211 1083 388 1145; x_wconf 79' lang='lat' dir='ltr'><strong>laetati</strong></span> <span class='ocrx_word' id='word_1_87' title='bbox 405 1129 422 1156; x_wconf 88' lang='lat'>,</span> <span class='ocrx_word' id='word_1_88' title='bbox 447 1086 628 1144; x_wconf 83' lang='lat' dir='ltr'><strong>etiam</strong></span> <span class='ocrx_word' id='word_1_89' title='bbox 651 1085 838 1142; x_wconf 72' lang='lat' dir='ltr'><strong>tacita:</strong></span> <span class='ocrx_word' id='word_1_90' title='bbox 859 1083 1162 1143; x_wconf 83' lang='lat' dir='ltr'><strong>orationis</strong></span> <span class='ocrx_word' id='word_1_91' title='bbox 1185 1078 1394 1142; x_wconf 84' lang='lat' dir='ltr'><strong>officio</strong></span> <span class='ocrx_word' id='word_1_92' title='bbox 1414 1127 1431 1153; x_wconf 84' lang='lat'>‚</span> <span class='ocrx_word' id='word_1_93' title='bbox 1469 1085 1679 1141; x_wconf 79' lang='lat' dir='ltr'><strong>omnia</strong></span> <span class='ocrx_word' id='word_1_94' title='bbox 1708 1078 1924 1156; x_wconf 77' lang='lat' dir='ltr'><strong>fausta,</strong></span> 
     </span>
     <span class='ocr_line' id='line_1_13' title="bbox 102 1170 1928 1265; baseline 0.001 -30"><span class='ocrx_word' id='word_1_95' title='bbox 102 1173 413 1265; x_wconf 78' lang='lat' dir='ltr'><strong>prospera,</strong></span> <span class='ocrx_word' id='word_1_96' title='bbox 432 1173 631 1238; x_wconf 81' lang='lat' dir='ltr'><strong>felicia</strong></span> <span class='ocrx_word' id='word_1_97' title='bbox 655 1170 686 1234; x_wconf 66' lang='grc' dir='ltr'>ὲ</span> <span class='ocrx_word' id='word_1_98' title='bbox 707 1177 849 1233; x_wconf 91' lang='lat' dir='ltr'><strong>Deo</strong></span> <span class='ocrx_word' id='word_1_99' title='bbox 871 1170 1281 1261; x_wconf 79' lang='lat' dir='ltr'><strong>precabantur</strong></span> <span class='ocrx_word' id='word_1_100' title='bbox 1311 1176 1477 1233; x_wconf 84' lang='lat' dir='ltr'><strong>Sixto</strong></span> <span class='ocrx_word' id='word_1_101' title='bbox 1504 1177 1746 1255; x_wconf 81' lang='lat' dir='ltr'><strong>Qnto</strong></span> <span class='ocrx_word' id='word_1_102' title='bbox 1764 1177 1928 1236; x_wconf 86' lang='lat' dir='ltr'><strong>Pon-</strong></span> 
     </span>
     <span class='ocr_line' id='line_1_14' title="bbox 106 1263 1927 1355; baseline -0.001 -28"><span class='ocrx_word' id='word_1_103' title='bbox 106 1265 256 1328; x_wconf 87' lang='lat' dir='ltr'><strong>tifici</strong></span> <span class='ocrx_word' id='word_1_104' title='bbox 278 1293 288 1326; x_wconf 91' lang='lat'>:</span> <span class='ocrx_word' id='word_1_105' title='bbox 309 1290 339 1326; x_wconf 75' lang='lat' dir='ltr'>a</span> <span class='ocrx_word' id='word_1_106' title='bbox 361 1287 489 1355; x_wconf 88' lang='lat' dir='ltr'><strong>quo</strong></span> <span class='ocrx_word' id='word_1_107' title='bbox 520 1263 664 1325; x_wconf 84' lang='lat' dir='ltr'><strong>vrbs</strong></span> <span class='ocrx_word' id='word_1_108' title='bbox 691 1284 930 1325; x_wconf 83' lang='lat' dir='ltr'><strong>tantum</strong></span> <span class='ocrx_word' id='word_1_109' title='bbox 952 1267 1192 1352; x_wconf 81' lang='lat' dir='ltr'><strong>pietatis</strong></span> <span class='ocrx_word' id='word_1_110' title='bbox 1219 1285 1686 1339; x_wconf 75' lang='lat' dir='ltr'><strong>ornamentum,</strong></span> <span class='ocrx_word' id='word_1_111' title='bbox 1709 1264 1811 1327; x_wconf 84' lang='lat' dir='ltr'><strong>diu</strong></span> <span class='ocrx_word' id='word_1_112' title='bbox 1836 1289 1927 1327; x_wconf 28' lang='lat' dir='ltr'><strong>ex*</strong></span> 
     </span>
     <span class='ocr_line' id='line_1_15' title="bbox 100 1351 1926 1448; baseline -0.001 -29"><span class='ocrx_word' id='word_1_113' title='bbox 100 1361 365 1448; x_wconf 87' lang='lat' dir='ltr'><strong>petitum</strong></span> <span class='ocrx_word' id='word_1_114' title='bbox 385 1403 402 1430; x_wconf 88' lang='lat'><em>‚</em></span> <span class='ocrx_word' id='word_1_115' title='bbox 430 1355 524 1417; x_wconf 85' lang='lat' dir='ltr'><strong>his</strong></span> <span class='ocrx_word' id='word_1_116' title='bbox 546 1354 798 1417; x_wconf 87' lang='lat' dir='ltr'><strong>tandem</strong></span> <span class='ocrx_word' id='word_1_117' title='bbox 823 1352 1214 1443; x_wconf 85' lang='lat' dir='ltr'><strong>temporibus</strong></span> <span class='ocrx_word' id='word_1_118' title='bbox 1237 1351 1380 1416; x_wconf 83' lang='lat' dir='ltr'><strong>effet</strong></span> <span class='ocrx_word' id='word_1_119' title='bbox 1412 1353 1770 1418; x_wconf 74' lang='lat' dir='ltr'><strong>consecuta.</strong></span> <span class='ocrx_word' id='word_1_120' title='bbox 1793 1359 1926 1418; x_wconf 76' lang='lat' dir='ltr'><strong>Ma-</strong></span> 
     </span>
     <span class='ocr_line' id='line_1_16' title="bbox 101 1445 1923 1537; baseline 0.001 -28"><span class='ocrx_word' id='word_1_121' title='bbox 101 1472 226 1537; x_wconf 84' lang='lat' dir='ltr'><strong>gna</strong></span> <span class='ocrx_word' id='word_1_122' title='bbox 247 1446 505 1537; x_wconf 88' lang='lat' dir='ltr'><strong>quidem</strong></span> <span class='ocrx_word' id='word_1_123' title='bbox 543 1445 866 1508; x_wconf 90' lang='lat' dir='ltr'><strong>illustrium</strong></span> <span class='ocrx_word' id='word_1_124' title='bbox 894 1468 1096 1507; x_wconf 90' lang='lat' dir='ltr'><strong>rerum</strong></span> <span class='ocrx_word' id='word_1_125' title='bbox 1131 1445 1388 1508; x_wconf 79' lang='lat' dir='ltr'><strong>accessio</strong></span> <span class='ocrx_word' id='word_1_126' title='bbox 1407 1492 1424 1519; x_wconf 84' lang='lat'><em>,</em></span> <span class='ocrx_word' id='word_1_127' title='bbox 1448 1446 1655 1508; x_wconf 85' lang='lat' dir='ltr'><strong>multis</strong></span> <span class='ocrx_word' id='word_1_128' title='bbox 1688 1445 1923 1510; x_wconf 84' lang='lat' dir='ltr'><strong>abhinc</strong></span> 
     </span>
     <span class='ocr_line' id='line_1_17' title="bbox 99 1533 1923 1626; baseline 0 -25"><span class='ocrx_word' id='word_1_129' title='bbox 99 1543 278 1601; x_wconf 79' lang='lat' dir='ltr'><strong>annis</strong></span> <span class='ocrx_word' id='word_1_130' title='bbox 305 1543 525 1603; x_wconf 71' lang='lat' dir='ltr'><strong>Romae</strong></span> <span class='ocrx_word' id='word_1_131' title='bbox 541 1533 697 1598; x_wconf 57' lang='lat' dir='ltr'><strong>facta</strong></span> <span class='ocrx_word' id='word_1_132' title='bbox 716 1536 796 1597; x_wconf 91' lang='lat' dir='ltr'><strong>est</strong></span> <span class='ocrx_word' id='word_1_133' title='bbox 825 1562 836 1596; x_wconf 76' lang='grc' dir='ltr'><strong>ι</strong></span> <span class='ocrx_word' id='word_1_134' title='bbox 873 1533 974 1597; x_wconf 91' lang='lat' dir='ltr'><strong>sed</strong></span> <span class='ocrx_word' id='word_1_135' title='bbox 1008 1557 1169 1598; x_wconf 89' lang='lat' dir='ltr'><strong>certe</strong></span> <span class='ocrx_word' id='word_1_136' title='bbox 1191 1534 1400 1600; x_wconf 86' lang='lat' dir='ltr'><strong>multis</strong></span> <span class='ocrx_word' id='word_1_137' title='bbox 1436 1537 1709 1626; x_wconf 79' lang='lat' dir='ltr'><strong>partibus</strong></span> <span class='ocrx_word' id='word_1_138' title='bbox 1729 1587 1744 1613; x_wconf 87' lang='lat'><strong><em>,</em></strong></span> <span class='ocrx_word' id='word_1_139' title='bbox 1770 1561 1923 1601; x_wconf 71' lang='lat' dir='ltr'><strong>cete—</strong></span> 
     </span>
     <span class='ocr_line' id='line_1_18' title="bbox 102 1624 1920 1716; baseline -0.001 -23"><span class='ocrx_word' id='word_1_140' title='bbox 102 1653 163 1693; x_wconf 81' lang='lat' dir='ltr'><strong>ra</strong></span> <span class='ocrx_word' id='word_1_141' title='bbox 195 1649 565 1692; x_wconf 78' lang='lat' dir='ltr'><strong>ornamenta</strong></span> <span class='ocrx_word' id='word_1_142' title='bbox 599 1624 833 1715; x_wconf 74' lang='lat' dir='ltr'><strong>superat</strong></span> <span class='ocrx_word' id='word_1_143' title='bbox 867 1625 993 1688; x_wconf 89' lang='lat' dir='ltr'><strong>hoc</strong></span> <span class='ocrx_word' id='word_1_144' title='bbox 1029 1625 1288 1689; x_wconf 85' lang='lat' dir='ltr'><strong>obelisci</strong></span> <span class='ocrx_word' id='word_1_145' title='bbox 1320 1650 1511 1716; x_wconf 77' lang='lat' dir='ltr'><strong>opt13,</strong></span> <span class='ocrx_word' id='word_1_146' title='bbox 1549 1626 1920 1693; x_wconf 62' lang='lat' dir='ltr'><strong>ffin&amp;issimae</strong></span> 
     </span>
     <span class='ocr_line' id='line_1_19' title="bbox 103 1716 1921 1808; baseline 0.001 -25"><span class='ocrx_word' id='word_1_147' title='bbox 103 1724 296 1783; x_wconf 85' lang='lat' dir='ltr'><strong>crucis</strong></span> <span class='ocrx_word' id='word_1_148' title='bbox 333 1717 654 1808; x_wconf 86' lang='lat' dir='ltr'><strong>triumpho</strong></span> <span class='ocrx_word' id='word_1_149' title='bbox 700 1716 1086 1780; x_wconf 79' lang='lat' dir='ltr'><strong>clarissimum</strong></span> <span class='ocrx_word' id='word_1_150' title='bbox 1110 1765 1127 1792; x_wconf 87' lang='grc'>,</span> <span class='ocrx_word' id='word_1_151' title='bbox 1159 1722 1488 1808; x_wconf 75' lang='lat' dir='ltr'><strong>maximeq.</strong></span> <span class='ocrx_word' id='word_1_152' title='bbox 1522 1725 1809 1783; x_wconf 87' lang='lat' dir='ltr'><strong>omnium</strong></span> <span class='ocrx_word' id='word_1_153' title='bbox 1844 1723 1921 1785; x_wconf 78' lang='lat' dir='ltr'><strong>ad</strong></span> 
     </span>
     <span class='ocr_line' id='line_1_20' title="bbox 98 1806 1918 1899; baseline 0.001 -26"><span class='ocrx_word' id='word_1_154' title='bbox 98 1809 268 1874; x_wconf 84' lang='lat' dir='ltr'><strong>vrbis</strong></span> <span class='ocrx_word' id='word_1_155' title='bbox 308 1808 572 1899; x_wconf 79' lang='lat' dir='ltr'><strong>gloriam</strong></span> <span class='ocrx_word' id='word_1_156' title='bbox 606 1806 849 1896; x_wconf 84' lang='lat' dir='ltr'><strong>insigne</strong></span> <span class='ocrx_word' id='word_1_157' title='bbox 873 1857 886 1871; x_wconf 89' lang='lat'><em>.</em></span> <span class='ocrx_word' id='word_1_158' title='bbox 936 1813 1085 1872; x_wconf 88' lang='lat' dir='ltr'><strong>Hoc</strong></span> <span class='ocrx_word' id='word_1_159' title='bbox 1122 1807 1409 1898; x_wconf 56' lang='lat' dir='ltr'><strong>profecto</strong></span> <span class='ocrx_word' id='word_1_160' title='bbox 1456 1809 1712 1899; x_wconf 85' lang='lat' dir='ltr'><strong>quidem</strong></span> <span class='ocrx_word' id='word_1_161' title='bbox 1748 1811 1918 1876; x_wconf 71' lang='lat' dir='ltr'><strong>almae</strong></span> 
     </span>
     <span class='ocr_line' id='line_1_21' title="bbox 97 1898 1919 1994; baseline -0.001 -27"><span class='ocrx_word' id='word_1_162' title='bbox 97 1908 309 1967; x_wconf 77' lang='lat' dir='ltr'><strong>Romae</strong></span> <span class='ocrx_word' id='word_1_163' title='bbox 330 1901 512 1963; x_wconf 87' lang='lat' dir='ltr'><strong>decus</strong></span> <span class='ocrx_word' id='word_1_164' title='bbox 536 1900 648 1972; x_wconf 87' lang='lat' dir='ltr'><strong>est,</strong></span> <span class='ocrx_word' id='word_1_165' title='bbox 671 1899 797 1960; x_wconf 91' lang='lat' dir='ltr'><strong>hoc</strong></span> <span class='ocrx_word' id='word_1_166' title='bbox 817 1898 1028 1962; x_wconf 85' lang='lat' dir='ltr'><strong>lumen</strong></span> <span class='ocrx_word' id='word_1_167' title='bbox 1050 1947 1066 1973; x_wconf 84' lang='lat'>‚</span> <span class='ocrx_word' id='word_1_168' title='bbox 1090 1923 1219 1989; x_wconf 87' lang='lat' dir='ltr'><strong>quo</strong></span> <span class='ocrx_word' id='word_1_169' title='bbox 1255 1898 1360 1960; x_wconf 80' lang='lat' dir='ltr'><strong>illa</strong></span> <span class='ocrx_word' id='word_1_170' title='bbox 1391 1923 1509 1963; x_wconf 81' lang='lat' dir='ltr'><strong>iam</strong></span> <span class='ocrx_word' id='word_1_171' title='bbox 1533 1926 1702 1964; x_wconf 90' lang='lat' dir='ltr'><strong>nunc</strong></span> <span class='ocrx_word' id='word_1_172' title='bbox 1724 1902 1919 1994; x_wconf 80' lang='lat' dir='ltr'><strong>splen-</strong></span> 
     </span>
     <span class='ocr_line' id='line_1_22' title="bbox 101 1989 1917 2077; baseline 0.002 -23"><span class='ocrx_word' id='word_1_173' title='bbox 101 1991 609 2064; x_wconf 80' lang='lat' dir='ltr'><strong>descitmaxime,</strong></span> <span class='ocrx_word' id='word_1_174' title='bbox 649 1989 964 2051; x_wconf 83' lang='lat' dir='ltr'><strong>beneficio</strong></span> <span class='ocrx_word' id='word_1_175' title='bbox 994 1989 1281 2077; x_wconf 82' lang='lat' dir='ltr'><strong>fingulari</strong></span> <span class='ocrx_word' id='word_1_176' title='bbox 1315 1997 1468 2053; x_wconf 80' lang='lat' dir='ltr'><strong>tanti</strong></span> <span class='ocrx_word' id='word_1_177' title='bbox 1501 1995 1853 2057; x_wconf 74' lang='lat' dir='ltr'><strong>pontificis:</strong></span> <span class='ocrx_word' id='word_1_178' title='bbox 1881 1996 1917 2059; x_wconf 64' lang='grc' dir='ltr'><strong>«ὲ</strong></span> 
     </span>
     <span class='ocr_line' id='line_1_23' title="bbox 104 2078 1913 2172; baseline 0.001 -27"><span class='ocrx_word' id='word_1_179' title='bbox 104 2106 233 2172; x_wconf 88' lang='lat' dir='ltr'><strong>quo</strong></span> <span class='ocrx_word' id='word_1_180' title='bbox 255 2107 394 2144; x_wconf 89' lang='lat' dir='ltr'><strong>cum</strong></span> <span class='ocrx_word' id='word_1_181' title='bbox 416 2080 608 2169; x_wconf 81' lang='lat' dir='ltr'><strong>longe</strong></span> <span class='ocrx_word' id='word_1_182' title='bbox 629 2084 811 2142; x_wconf 82' lang='lat' dir='ltr'><strong>etiam</strong></span> <span class='ocrx_word' id='word_1_183' title='bbox 830 2078 1004 2169; x_wconf 79' lang='lat' dir='ltr'><strong>plura</strong></span> <span class='ocrx_word' id='word_1_184' title='bbox 1025 2086 1318 2170; x_wconf 51' lang='lat' dir='ltr'><strong>expectari</strong></span> <span class='ocrx_word' id='word_1_185' title='bbox 1339 2081 1567 2172; x_wconf 86' lang='lat' dir='ltr'><strong>possint</strong></span> <span class='ocrx_word' id='word_1_186' title='bbox 1582 2131 1598 2157; x_wconf 87' lang='lat'><em>,</em></span> <span class='ocrx_word' id='word_1_187' title='bbox 1622 2091 1913 2149; x_wconf 81' lang='lat' dir='ltr'><strong>omnium</strong></span> 
     </span>
    </p>

    <p class='ocr_par' dir='ltr' id='par_1_2' title="bbox 97 2170 1917 2357">
     <span class='ocr_line' id='line_1_24' title="bbox 97 2170 1917 2264; baseline 0.002 -29"><span class='ocrx_word' id='word_1_188' title='bbox 97 2177 339 2264; x_wconf 84' lang='lat' dir='ltr'><strong>pietatis</strong></span> <span class='ocrx_word' id='word_1_189' title='bbox 363 2171 473 2245; x_wconf 82' lang='lat' dir='ltr'><strong>est,</strong></span> <span class='ocrx_word' id='word_1_190' title='bbox 496 2170 806 2233; x_wconf 87' lang='lat' dir='ltr'><strong>Christum</strong></span> <span class='ocrx_word' id='word_1_191' title='bbox 830 2175 1142 2261; x_wconf 86' lang='lat' dir='ltr'><strong>optimum</strong></span> <span class='ocrx_word' id='word_1_192' title='bbox 1161 2220 1178 2246; x_wconf 82' lang='lat'>‚</span> <span class='ocrx_word' id='word_1_193' title='bbox 1202 2179 1562 2249; x_wconf 82' lang='lat' dir='ltr'><strong>maximum,</strong></span> <span class='ocrx_word' id='word_1_194' title='bbox 1586 2174 1710 2238; x_wconf 81' lang='lat' dir='ltr'><strong>sine</strong></span> <span class='ocrx_word' id='word_1_195' title='bbox 1732 2181 1917 2241; x_wconf 88' lang='lat' dir='ltr'><strong>inter-</strong></span> 
     </span>
     <span class='ocr_line' id='line_1_25' title="bbox 97 2261 1913 2357; baseline 0.001 -28"><span class='ocrx_word' id='word_1_196' title='bbox 97 2262 384 2329; x_wconf 89' lang='lat' dir='ltr'><strong>missione</strong></span> <span class='ocrx_word' id='word_1_197' title='bbox 406 2286 607 2336; x_wconf 83' lang='lat' dir='ltr'><strong>orare,</strong></span> <span class='ocrx_word' id='word_1_198' title='bbox 630 2267 891 2351; x_wconf 85' lang='lat' dir='ltr'><strong>precari,</strong></span> <span class='ocrx_word' id='word_1_199' title='bbox 918 2261 1204 2328; x_wconf 75' lang='lat' dir='ltr'><strong>obtestari</strong></span> <span class='ocrx_word' id='word_1_200' title='bbox 1222 2286 1330 2353; x_wconf 82' lang='lat' dir='ltr'><strong>per</strong></span> <span class='ocrx_word' id='word_1_201' title='bbox 1346 2264 1620 2339; x_wconf 78' lang='lat' dir='ltr'><strong>vulnera,</strong></span> <span class='ocrx_word' id='word_1_202' title='bbox 1642 2289 1749 2357; x_wconf 84' lang='lat' dir='ltr'><strong>per</strong></span> <span class='ocrx_word' id='word_1_203' title='bbox 1764 2293 1913 2331; x_wconf 77' lang='lat' dir='ltr'><strong>con-</strong></span> 
     </span>
    </p>

    <p class='ocr_par' dir='ltr' id='par_1_3' title="bbox 97 2350 1912 2446">
     <span class='ocr_line' id='line_1_26' title="bbox 97 2350 1912 2446; baseline 0.003 -28"><span class='ocrx_word' id='word_1_204' title='bbox 97 2360 278 2429; x_wconf 84' lang='lat' dir='ltr'><strong>uitia,</strong></span> <span class='ocrx_word' id='word_1_205' title='bbox 312 2378 419 2444; x_wconf 86' lang='lat' dir='ltr'><strong>per</strong></span> <span class='ocrx_word' id='word_1_206' title='bbox 445 2352 698 2416; x_wconf 88' lang='lat' dir='ltr'><strong>dolores</strong></span> <span class='ocrx_word' id='word_1_207' title='bbox 718 2400 734 2426; x_wconf 85' lang='lat'><em>,</em></span> <span class='ocrx_word' id='word_1_208' title='bbox 757 2376 863 2443; x_wconf 83' lang='lat' dir='ltr'><strong>per</strong></span> <span class='ocrx_word' id='word_1_209' title='bbox 895 2350 1256 2441; x_wconf 80' lang='lat' dir='ltr'><strong>sanguinem</strong></span> <span class='ocrx_word' id='word_1_210' title='bbox 1278 2403 1295 2430; x_wconf 88' lang='lat'><em>‚</em></span> <span class='ocrx_word' id='word_1_211' title='bbox 1328 2378 1495 2418; x_wconf 77' lang='lat' dir='ltr'><strong>tanta</strong></span> <span class='ocrx_word' id='word_1_212' title='bbox 1526 2355 1796 2446; x_wconf 78' lang='lat' dir='ltr'><strong>largitate</strong></span> <span class='ocrx_word' id='word_1_213' title='bbox 1818 2365 1912 2423; x_wconf 63' lang='lat' dir='ltr'><strong>in„-</strong></span> 
     </span>
    </p>

    <p class='ocr_par' dir='ltr' id='par_1_4' title="bbox 100 2441 1910 2533">
     <span class='ocr_line' id='line_1_27' title="bbox 100 2441 1910 2533; baseline 0.003 -25"><span class='ocrx_word' id='word_1_214' title='bbox 100 2469 277 2508; x_wconf 91' lang='lat' dir='ltr'><strong>cruce</strong></span> <span class='ocrx_word' id='word_1_215' title='bbox 297 2441 614 2533; x_wconf 85' lang='lat' dir='ltr'><strong>profusum</strong></span> <span class='ocrx_word' id='word_1_216' title='bbox 635 2491 652 2517; x_wconf 89' lang='lat'>‚</span> <span class='ocrx_word' id='word_1_217' title='bbox 673 2465 739 2504; x_wconf 88' lang='lat' dir='ltr'><strong>vt</strong></span> <span class='ocrx_word' id='word_1_218' title='bbox 758 2469 896 2507; x_wconf 88' lang='lat' dir='ltr'><strong>eum</strong></span> <span class='ocrx_word' id='word_1_219' title='bbox 919 2443 1176 2507; x_wconf 82' lang='lat' dir='ltr'><strong>ccclesiae</strong></span> <span class='ocrx_word' id='word_1_220' title='bbox 1194 2494 1211 2520; x_wconf 86' lang='lat'><em>,</em></span> <span class='ocrx_word' id='word_1_221' title='bbox 1235 2452 1330 2509; x_wconf 90' lang='lat' dir='ltr'><strong>cui</strong></span> <span class='ocrx_word' id='word_1_222' title='bbox 1364 2445 1489 2510; x_wconf 87' lang='lat' dir='ltr'><strong>sum</strong></span> <span class='ocrx_word' id='word_1_223' title='bbox 1501 2473 1598 2511; x_wconf 74' lang='lat' dir='ltr'><strong>ma</strong></span> <span class='ocrx_word' id='word_1_224' title='bbox 1617 2474 1754 2511; x_wconf 89' lang='lat' dir='ltr'><strong>cum</strong></span> <span class='ocrx_word' id='word_1_225' title='bbox 1790 2450 1910 2513; x_wconf 81' lang='lat' dir='ltr'><strong>lau-</strong></span> 
     </span>
    </p>

    <p class='ocr_par' dir='ltr' id='par_1_5' title="bbox 97 2533 1904 2629">
     <span class='ocr_line' id='line_1_28' title="bbox 97 2533 1904 2629; baseline 0.002 -30"><span class='ocrx_word' id='word_1_226' title='bbox 97 2536 174 2599; x_wconf 88' lang='lat' dir='ltr'><strong>de</strong></span> <span class='ocrx_word' id='word_1_227' title='bbox 196 2534 399 2626; x_wconf 81' lang='lat' dir='ltr'><strong>praeest</strong></span> <span class='ocrx_word' id='word_1_228' title='bbox 416 2582 432 2609; x_wconf 90' lang='lat'>,</span> <span class='ocrx_word' id='word_1_229' title='bbox 453 2533 840 2597; x_wconf 87' lang='lat' dir='ltr'><strong>incolumem</strong></span> <span class='ocrx_word' id='word_1_230' title='bbox 863 2534 1183 2598; x_wconf 85' lang='lat' dir='ltr'><strong>conseruet</strong></span> <span class='ocrx_word' id='word_1_231' title='bbox 1201 2537 1552 2614; x_wconf 84' lang='lat' dir='ltr'><strong>diutissime,</strong></span> <span class='ocrx_word' id='word_1_232' title='bbox 1578 2546 1776 2629; x_wconf 67' lang='lat' dir='ltr'><strong>gratim</strong></span> <span class='ocrx_word' id='word_1_233' title='bbox 1798 2538 1904 2603; x_wconf 75' lang='lat' dir='ltr'><strong>suae</strong></span> 
     </span>
    </p>

    <p class='ocr_par' dir='ltr' id='par_1_6' title="bbox 90 2623 1900 2902">
     <span class='ocr_line' id='line_1_29' title="bbox 94 2623 1892 2719; baseline 0.002 -30"><span class='ocrx_word' id='word_1_234' title='bbox 94 2650 351 2689; x_wconf 89' lang='lat' dir='ltr'><strong>munere</strong></span> <span class='ocrx_word' id='word_1_235' title='bbox 369 2647 613 2714; x_wconf 84' lang='lat' dir='ltr'><strong>augeat,</strong></span> <span class='ocrx_word' id='word_1_236' title='bbox 636 2646 695 2688; x_wconf 91' lang='lat' dir='ltr'><strong>et</strong></span> <span class='ocrx_word' id='word_1_237' title='bbox 728 2623 1056 2716; x_wconf 84' lang='lat' dir='ltr'><strong>splendore</strong></span> <span class='ocrx_word' id='word_1_238' title='bbox 1078 2625 1162 2709; x_wconf 84' lang='lat' dir='ltr'><strong>sui</strong></span> <span class='ocrx_word' id='word_1_239' title='bbox 1182 2627 1434 2691; x_wconf 84' lang='lat' dir='ltr'><strong>luminis</strong></span> <span class='ocrx_word' id='word_1_240' title='bbox 1462 2636 1525 2691; x_wconf 88' lang='lat' dir='ltr'><strong>in</strong></span> <span class='ocrx_word' id='word_1_241' title='bbox 1551 2624 1676 2693; x_wconf 80' lang='lat' dir='ltr'><strong>dies</strong></span> <span class='ocrx_word' id='word_1_242' title='bbox 1701 2637 1892 2719; x_wconf 73' lang='lat' dir='ltr'><strong>magis</strong></span> 
     </span>
     <span class='ocr_line' id='line_1_30' title="bbox 90 2717 1900 2811; baseline 0.002 -29"><span class='ocrx_word' id='word_1_243' title='bbox 90 2717 382 2807; x_wconf 23' lang='lat' dir='ltr'><strong>illustret&amp;</strong></span> <span class='ocrx_word' id='word_1_244' title='bbox 423 2722 494 2799; x_wconf 29' lang='lat' dir='ltr'><strong>Ifn</strong></span> <span class='ocrx_word' id='word_1_245' title='bbox 515 2740 690 2781; x_wconf 86' lang='lat' dir='ltr'><strong>cruce</strong></span> <span class='ocrx_word' id='word_1_246' title='bbox 715 2741 917 2783; x_wconf 81' lang='lat' dir='ltr'><strong>autem</strong></span> <span class='ocrx_word' id='word_1_247' title='bbox 942 2742 1079 2781; x_wconf 91' lang='lat' dir='ltr'><strong>cum</strong></span> <span class='ocrx_word' id='word_1_248' title='bbox 1101 2740 1295 2795; x_wconf 78' lang='lat' dir='ltr'><strong>tanta,</strong></span> <span class='ocrx_word' id='word_1_249' title='bbox 1317 2721 1788 2811; x_wconf 69' lang='lat' dir='ltr'><strong>tamq.{{11ut÷.tris</strong></span> <span class='ocrx_word' id='word_1_250' title='bbox 1810 2722 1900 2786; x_wconf 87' lang='lat' dir='ltr'><strong>di-</strong></span> 
     </span>
     <span class='ocr_line' id='line_1_31' title="bbox 1377 2808 1897 2902; baseline 0.001 -26.577"><span class='ocrx_word' id='word_1_251' title='bbox 1377 2818 1437 2874; x_wconf 92' lang='lat' dir='ltr'>D</span> <span class='ocrx_word' id='word_1_252' title='bbox 1642 2808 1897 2902; x_wconf 77' lang='lat' dir='ltr'><strong>sciplina</strong></span> 
     </span>
    </p>
   </div>
  </div>
 </body>
</html>
