2144 3163
137 70 301 136 ueste
322 70 743 161 quaeritarent.
795 73 866 132 In
899 95 964 135 ea
995 69 1183 160 igitur
1205 66 1321 133 fixa
1348 71 1542 133 animi
1565 63 1888 135 deliberati
1904 95 1971 136 0·-

139 187 216 226 ne
238 158 522 254 pontifex
557 183 722 225 totus
744 167 827 224 ita
860 160 1200 224 inhaerebat
1223 210 1239 237 ‚
1263 182 1329 224 Vt
1359 161 1435 223 ab
1460 185 1972 253 eanequaquam„

141 255 454 316 dimoueri
475 257 724 342 optimo
746 257 874 316 iure
909 252 1107 342 posset
1124 301 1140 327 ,
1163 277 1302 315 cum
1325 252 1543 315 multas
1564 302 1581 327 ‚
1605 251 1758 344 easq.
1779 251 1969 317 iustis-

141 345 312 407 fimas
329 393 346 419 ‚
377 341 571 406 causas
593 342 851 407 haberet
867 392 884 418 ,
909 342 1327 433 quamobrem
1348 344 1410 405 id
1432 342 1534 406 ase
1557 344 1687 406 fieri
1720 367 1970 434 oporte„

141 460 201 498 re
222 434 601 523 intelligeret
620 485 632 497 .
684 439 891 497 Primo
928 439 1096 496 enim
1130 433 1283 496 illud
1307 458 1441 497 non
1466 431 1794 497 ferendum
1822 460 1967 498 cen-

141 525 254 589 suit
273 576 288 602 ,
314 548 380 588 vt
404 524 662 588 obelisci
686 549 840 615 opus
870 574 888 600 ,
911 549 1052 588 vere
1073 523 1340 588 solidum
1361 525 1483 591 falsi
1508 525 1702 587 cultus
1726 525 1966 589 simula-

142 643 310 680 crum
332 665 347 691 ,
373 615 527 678 olim
554 621 825 706 impura,
861 639 1045 706 atque
1081 617 1419 679 execranda
1447 621 1849 707 aegyptiorum
1879 615 1966 679 sun

142 709 504 799 perstitione
525 712 922 797 inquinatum
941 756 958 782 ,
982 706 1302 797 dcmumq.
1324 707 1808 798 imperatoribus
1834 714 1964 772 Ro·-

142 804 338 861 manis
376 820 494 860 r1tu
527 803 727 887 impio
764 798 1034 860 dicatum
1057 846 1072 872 ‚
1097 799 1182 860 ob
1206 798 1424 861 oculos
1462 804 1604 861 etin
1627 797 1965 888 conspeetu

142 894 431 953 omnium
454 888 733 951 fidelium
756 889 982 952 diutius
1015 888 1376 964 veilaretur,
1400 916 1475 954 eo
1509 886 1838 980 praesertim
1871 889 1965 952 lo*

148 1005 222 1043 co
245 1029 260 1055 ,
285 1001 515 1069 nempe
548 977 715 1043 sacro
736 1005 803 1042 ac
825 977 1117 1070 religioso
1137 1029 1154 1055 ,
1211 1004 1389 1070 wrope
1427 987 1493 1043 in
1527 979 1661 1071 ipso
1683 979 1966 1042 sanzstissi-

141 1097 251 1135 mae
276 1069 530 1134 balilicae
554 1071 716 1133 beati
734 1076 893 1135 Petri
913 1119 929 1146 ‚
955 1004 1403 1162 Apostolorum
1424 1076 1720 1163 principis
1740 1120 1757 1146 ‚
1785 1070 1964 1135 sacra-2

140 1168 235 1225 rio
255 1211 271 1238 ‚
301 1161 331 1224 a
360 1158 763 1226 funestissimo
785 1159 931 1226 fidei
950 1163 1122 1226 hoste
1142 1164 1230 1225 ibi
1250 1163 1324 1225 ad
1344 1168 1819 1255 perpetuitatem
1840 1163 1967 1227 col—-

141 1254 412 1316 locatum
430 1301 446 1328 ,
483 1253 650 1316 vnde
671 1254 878 1317 multis
897 1277 1038 1318 ante
1056 1254 1332 1318 aetatibus
1355 1281 1421 1318 ex
1441 1259 1680 1345 pietatis
1704 1255 1966 1318 christia-

141 1370 233 1407 nae
253 1345 534 1407 instituto
557 1393 574 1419 ,
595 1342 766 1435 vsuq.
783 1343 902 1408 fuit
926 1345 1420 1410 conuellendum
1451 1345 1729 1410 funditus
1749 1394 1761 1409 .
1814 1351 1965 1410 Hoc

142 1440 310 1498 enim
335 1440 454 1498 Dei
473 1435 674 1524 gloria
691 1435 1151 1527 deposcebatin
1185 1443 1400 1527 primis
1421 1487 1438 1514 ‚
1467 1437 1821 1528 requirebat
1840 1437 1966 1500 cul--

141 1549 257 1602 ως,
283 1527 630 1590 beatissimo
650 1532 830 1590 Petro
865 1526 1252 1618 debitus,qui
1271 1529 1482 1592 locum
1505 1528 1792 1619 prceelaro
1811 1553 1966 1592 mar-

140 1623 304 1704 tyrio
332 1616 436 1680 suo
476 1611 884 1700 consecrauit:
921 1641 1017 1682 tot
1050 1641 1384 1703 martyrum
1406 1619 1646 1709 sanguis
1666 1669 1684 1695 ,
1707 1625 1771 1683 in
1793 1625 1960 1684 circo

139 1713 447 1772 Vaticano
481 1706 762 1799 profusus
780 1757 796 1784 ,
821 1710 1173 1799 expetebat:
1197 1709 1439 1772 basilica
1457 1709 1611 1801 ipsa,
1634 1710 1819 1800 plena
1836 1710 1965 1774 san-

139 1803 382 1863 &orum
405 1800 774 1890 corporibus
792 1849 809 1875 ,
832 1824 890 1864 et
911 1800 1182 1890 reliquijs
1201 1850 1218 1876 ‚
1241 1801 1615 1892 postulabat:
1637 1809 1840 1866 immo
1864 1802 1965 1865 ba·-

140 1890 315 1954 filicae
335 1896 593 1981 parietes
620 1915 681 1954 re
714 1897 906 1981 magis
924 1940 942 1966 ,
972 1898 1156 1982 quam
1176 1915 1334 1955 voce
1367 1892 1763 1982 flagitabant,
1787 1899 1964 1984 quif—

139 2005 216 2072 pe
243 1989 349 2072 qui
376 1982 595 2045 violari
617 1983 894 2071 quodam
916 1983 1116 2046 modo
1138 1983 1513 2048 videbantur
1531 1990 1963 2075 propinquita-

141 2095 199 2136 te
220 2073 407 2135 molis
427 2121 444 2147 ,
468 2072 782 2163 quandam
820 2072 1024 2163 prisea:
1054 2078 1137 2135 im
1151 2078 1385 2162 pietatis
1406 2080 1746 2164 imaginem
1768 2099 1883 2166 pra:
1906 2075 1960 2139 se

140 2164 388 2228 ferentis
409 2213 422 2227 .
471 2169 621 2226 Hoc
639 2164 915 2254 denique
938 2190 1075 2228 cum
1094 2170 1180 2227 rei
1198 2164 1550 2228 Christianae
1575 2189 1724 2229 ratio
1747 2192 1849 2229 om
1864 2171 1957 2229 nis

140 2253 416 2317 suaderet
433 2302 450 2329 ,
469 2278 660 2318 nemo
678 2277 954 2345 vnquam
974 2255 1090 2319 fuit
1107 2254 1365 2319 cuiusuis
1389 2257 1628 2320 ordinis
1648 2306 1665 2332 ,
1700 2257 1798 2321 vel
1832 2256 1961 2321 loci

141 2343 344 2408 homo
380 2351 514 2436 pius
531 2394 548 2421 ,
570 2349 724 2435 quin
758 2347 884 2409 hoc
903 2345 1246 2437 aliqnando
1267 2354 1607 2439 expeeffaret
1624 2348 1963 2414 vehemen-

143 2458 261 2501 ter.
311 2441 447 2507 Iure,
462 2442 648 2526 igitur
666 2439 741 2502 de
777 2436 938 2500 illius
969 2438 1421 2528 asportatione,
1458 2462 1517 2503 et
1546 2439 1827 2528 religiosa
1857 2440 1961 2503 de-

142 2526 457 2590 dicatione
492 2533 683 2591 Sixtus
721 2534 990 2612 Qntus
1018 2526 1306 2593 Pontifex
1338 2532 1537 2594 statuit
1558 2559 1570 2593 :
1591 2536 1699 2622 qui
1732 2531 1955 2594 diuino

144 2615 354 2706 spiritu
372 2618 600 2683 afflatus
618 2668 637 2695 ,
661 2644 727 2683 ea
743 2621 1069 2683 constituta
1086 2620 1541 2686 deliberatione
1570 2622 1750 2685 rebus
1773 2627 1954 2685 etiam

141 2708 216 2771 ali
221 2713 269 2790 js
293 2708 644 2775 consultum
661 2710 774 2775 effe
801 2713 982 2776 vidit:
1004 2735 1137 2804 quae
1158 2737 1297 2778 cum
1316 2719 1594 2778 maxima:
1614 2712 1751 2789 fint,
1772 2734 1957 2804 atque

1479 2810 1532 2868 C
1628 2832 1661 2869 2.
1879 2803 1957 2867 ad
