2144 3163
204 89 378 130 mum
399 64 430 128 ὲ
449 71 616 129 Sixto
638 65 894 148 Qinto
919 88 976 128 et
997 64 1246 156 suscipi,
1269 89 1328 130 et
1347 66 1578 131 confici
1597 67 1825 131 voluit.
1860 68 2026 135 Mul-

205 180 262 220 ta
282 154 417 217 sane
437 153 711 245 primum
747 156 823 217 ab
851 155 1102 220 huiusce
1124 156 1381 221 obelisci
1414 181 1602 248 opere
1624 158 2024 249 pontificem,

205 245 507 308 deducere
526 267 985 335 poterantznam
1004 269 1071 310 vt
1087 247 1362 311 infinitas
1382 247 1513 311 illas
1532 249 2025 339 impensasſsum-

205 342 319 399 mis
361 341 541 397 etiam
566 341 652 398 rei
684 337 1145 401 difficultatibus
1179 336 1545 428 implicitas,
1573 346 1810 403 mittam
1842 389 1858 415 ,
1893 348 2026 431 qui-

205 428 315 489 bus
338 427 887 492 deterrerifortasse
909 429 1230 519 potuisset,
1251 427 1581 520 praesertim
1602 436 1668 492 in
1688 433 2026 520 grauiflima

202 540 332 579 tum
374 523 555 599 aerarij
594 517 831 607 publici
862 526 1121 610 penuria
1152 569 1168 595 ‚
1205 546 1344 583 cum
1378 521 1816 611 pontificatum
1848 530 2023 607 inth:

204 631 375 671 erant
402 615 581 672 etiam
606 634 738 672 non
772 611 971 674 inodo
995 612 1477 675 architectorum
1495 661 1512 687 ,
1538 611 1634 676 sed
1655 613 1917 677 aliorum
1942 613 2023 676 la-

202 706 482 790 pientum
507 749 524 775 ,
563 723 621 764 et
645 725 849 766 rerum
886 703 1263 791 agendarum
1298 701 1402 765 Vsu
1435 708 1776 792 peritorum
1811 705 2022 788 homi-

201 815 353 852 num
378 791 623 855 diuersae
647 841 664 867 ,
697 817 764 855 ac
796 795 976 883 plane
1009 793 1245 857 interse
1280 799 1578 883 pertinaci
1599 817 2027 860 contentione

203 881 552 947 diffidentes
590 885 664 947 de
697 908 758 947 re
797 885 1195 948 conficienda
1228 890 1606 975 opinioneS,
1645 908 1779 976 quae
1813 885 2020 950 affere-

204 972 356 1037 bant
385 980 721 1065 ancipitem
760 975 1230 1039 deliberationis
1267 1000 1531 1041 curam...
1583 976 1706 1058 Alij
1746 983 1915 1040 enim
1948 975 2019 1040 li-

204 1063 365 1142 bris,
390 1089 548 1156 quos
586 1065 1056 1148 emiserant5ali1
1093 1067 1566 1158 colloquiorum
1603 1074 2018 1132 concertatio-

198 1156 387 1222 nibus
411 1159 484 1220 de
508 1182 567 1222 re
593 1179 725 1221 tota
743 1164 903 1222 varie
926 1158 1540 1249 differebantNeque
1561 1161 1814 1223 deerant
1833 1165 2016 1223 etiam

169 1248 171 1251 ⁸
200 1254 471 1338 primarij
505 1254 655 1324 viri,
695 1255 800 1340 qui
833 1250 1346 1340 pontifici‚vtne
1383 1256 1498 1316 tale
1521 1275 1676 1342 opus
1698 1300 1715 1326 ‚
1737 1256 2018 1340 ingraue-

200 1338 405 1405 scente
451 1363 600 1405 tunc
643 1365 933 1417 annona,
968 1340 1365 1433 susciperetur
1391 1391 1409 1417 ,
1445 1347 1709 1406 maxime
1741 1346 2015 1407 auctores

200 1455 402 1496 erant.
454 1437 538 1495 At
556 1438 603 1496 is
624 1481 641 1508 ,
665 1434 958 1497 vtdiuina
980 1433 1366 1523 benignitate
1390 1436 1471 1498 est
1500 1433 1577 1497 ad
1611 1432 1845 1497 summa
1880 1459 2018 1497 om-

199 1528 300 1585 nia
331 1546 504 1587 natus
524 1573 542 1600 ‚
569 1548 629 1588 et
655 1527 979 1588 aestimator
1011 1549 1212 1588 rerum
1246 1524 1440 1613 longe
1458 1530 1786 1589 acerrimus
1805 1572 1823 1600 ,
1843 1525 2017 1589 forti-

198 1636 324 1690 ter,
349 1616 850 1690 constantissiine,
869 1641 937 1677 ac
955 1614 1257 1706 sapienter
1286 1616 1630 1679 admodum
1657 1613 2017 1704 ,religiosis-

197 1703 411 1796 simeq.
437 1710 589 1769 tanti
611 1713 815 1797 operis
850 1704 1303 1797 perfectionem
1326 1707 1635 1786 decreuit,
1659 1705 1845 1769 nullis
1868 1706 2019 1768 diffi-

193 1795 527 1861 cultatibus
547 1796 791 1862 affectus
811 1847 828 1873 ‚
852 1822 1056 1888 neque
1091 1797 1447 1888 sumptuum
1479 1797 1894 1860 immensitate
1914 1796 2018 1861 de-

199 1893 439 1951 territus
477 1937 493 1964 ,
530 1906 738 1979 neque
769 1886 801 1952 a
831 1888 938 1952 suo
974 1888 1239 1952 consilio
1270 1887 1534 1951 aliorum
1565 1888 1864 1950 abductus
1885 1894 2018 1977 opi-

199 1978 507 2043 nionibus
543 2030 555 2042 .
605 1987 917 2044 Necvvero
952 1985 1017 2042 in
1039 2004 1105 2042 ea
1130 1985 1215 2042 rei
1242 1979 1649 2043 frumentarice
1670 1983 1886 2068 inopia
1919 1979 2019 2042 de-

198 2068 316 2133 fuit
335 2075 579 2134 muneri
600 2094 728 2161 pon
740 2071 941 2134 tificiae
960 2093 1166 2160 Vereq.
1188 2092 1449 2160 paternae
1471 2069 1798 2145 charitatiS‚
1826 2092 2012 2159 quam

200 2161 533 2225 necessario
568 2186 851 2253 tempore
883 2164 1064 2225 instar
1095 2160 1441 2224 sanetissimi
1469 2160 1790 2224 Pontificis
1819 2209 1836 2236 ‚
1871 2165 2015 2224 Gre—

197 2257 355 2340 gorij
380 2257 631 2342 Magni,
653 2252 938 2342 singulari
962 2253 1288 2341 prudentia
1317 2251 1779 2343 prouidentiaq.
1800 2252 2012 2340 praesti-

197 2344 325 2407 stit.
376 2350 538 2406 Nam
577 2370 715 2406 cuin
750 2345 824 2407 ad
852 2343 1294 2407 subleuandam
1326 2368 1593 2406 annonae
1627 2342 2011 2406 charitatem„

197 2434 479 2525 vndique
513 2434 812 2499 frumenti
850 2440 1095 2526 copiam
1135 2433 1485 2525 pontificali
1519 2437 1726 2496 :erario
1774 2437 2013 2522 impor-

198 2527 450 2589 tandam
486 2525 764 2616 impense
786 2531 1046 2601 curauit3
1069 2549 1200 2590 tum
1224 2522 1378 2617 opus
1411 2547 1534 2588 tam
1557 2522 2011 2614 sumptuosum..

196 2622 460 2706 parauit,
495 2621 562 2679 in
598 2640 726 2707 quo
761 2641 1052 2708 pauperes
1075 2665 1093 2692 ,
1119 2623 1291 2707 quiq.
1315 2620 1566 2706 egestate
1603 2610 2006 2690 laborabant,

199 2731 411 2801 operas
443 2731 795 2801 ponerent,
816 2708 983 2774 vnde
1006 2708 1447 2804 quotidianum
1481 2706 1597 2771 sibi
1626 2709 1857 2772 vie'tum
1893 2705 2010 2859 hg-

1846 2820 1923 2860 ne
1978 2820 2013 2859 e
