2144 3163
145 93 292 136 nere
310 64 843 156 videbatur,quod
863 68 961 155 pie
982 62 1496 137 deliberatum,ad
1517 60 1776 126 ecclesiae
1797 59 1965 152 splen

145 161 367 225 dorem
398 157 796 221 redundaret.
848 160 1080 219 Verum
1115 155 1238 216 hoc
1275 157 1455 217 etiam
1480 177 1616 215 cum
1646 153 1677 215 a
1708 152 1969 215 Pontifi-

149 252 322 316 cibus
344 253 624 312 maximis
641 296 658 323 ,
681 268 855 310 tanto
878 270 1190 308 annorum
1218 242 1407 335 spatio
1426 293 1443 319 ,
1466 244 1628 306 haud
1652 265 1963 334 quaquam

147 341 376 406 fastum
399 340 497 403 fit:
523 363 657 402 non
676 338 865 402 video
886 385 901 412 ‚
926 361 1112 427 quare
1149 360 1283 398 non
1317 335 1377 397 id
1403 358 1660 426 quoque
1684 333 1968 398 effectum

151 455 398 526 putetur
428 429 694 494 consilio
737 435 858 493 Dei
888 456 899 491 :
949 434 1055 518 qui
1089 428 1266 490 huius
1303 431 1505 516 operis
1548 424 1779 488 causam
1816 431 1970 488 inte-

151 549 319 614 gram
344 572 360 598 ,
381 545 563 612 atque
582 520 1010 593 molitionem,
1035 523 1339 608 egregiam
1376 516 1542 579 illam
1584 517 1838 606 quidem
1861 565 1877 591 ,
1900 541 1968 578 ac

154 617 523 704 sempiterna
544 611 742 701 gloria
769 609 1181 699 digniss'imam
1202 657 1218 684 ,
1255 610 1328 670 ad
1363 608 1489 672 liaec
1510 605 1696 697 Vsque
1728 630 1971 697 tempo-

154 730 213 768 ra
234 704 490 769 seruauit
506 708 717 794 pietati
737 751 754 778 ,
776 701 1143 792 sapientiaeq.
1165 705 1391 789 optimi
1423 698 1743 762 Pontificis
1764 747 1780 773 ,
1819 721 1877 761 et
1894 700 1970 761 ad

157 821 350 860 omne
384 794 736 886 praeclarum
775 817 928 884 opus
975 790 1355 856 eruditissimi
1376 840 1391 865 ,
1425 795 1569 852 Sixti
1614 794 1863 874 Qinti.
1915 796 1967 853 ls

155 888 264 950 vbi
284 892 553 976 primum
580 885 800 947 diuino
823 907 1080 947 munere
1114 884 1359 973 donoq.
1380 882 1450 945 ad
1476 880 1732 945 eccleliae
1753 882 1974 969 guber-

158 977 373 1042 nacula
401 998 654 1038 vocatus
677 975 789 1050 est,
820 999 954 1038 nou
989 974 1109 1036 vlla
1130 973 1266 1037 sane
1303 971 1585 1064 populari
1620 977 1932 1062 opinione
1953 1021 1971 1048 ‚

156 1091 259 1132 aut
279 1067 456 1131 laude
478 1067 726 1142 duotus,
752 1065 852 1129 sed
884 1065 1170 1155 singulari
1206 1065 1468 1155 quadam
1491 1062 1760 1152 religiosi
1779 1068 1976 1126 animi

160 1161 245 1224 sui
278 1162 683 1233 incitatione,
707 1160 851 1221 cum
882 1159 954 1243 ad
995 1180 1193 1220 cetera
1223 1161 1440 1220 onmia
1471 1160 1536 1218 in
1567 1160 1782 1245 primis
1820 1179 1975 1219 curae

157 1250 494 1343 pontificia:
527 1273 784 1313 munera
814 1248 1034 1312 assidue
1064 1270 1363 1322 attentu3,
1387 1246 1547 1310 nihil
1569 1268 1845 1337 vnquam
1873 1271 1980 1311 ne-

160 1366 282 1432 que
315 1341 544 1403 laboris
561 1389 576 1417 ‚
601 1365 715 1404 nec
733 1340 1063 1430 vigilantiae
1081 1336 1490 1430 praetermisit:
1512 1361 1641 1402 tum
1663 1349 1809 1401 vero
1831 1337 1983 1402 obe-

158 1431 289 1496 lisci
325 1437 779 1522 Vaticaniopus
801 1480 818 1506 ,
840 1431 1014 1522 quod
1054 1456 1192 1494 cum
1216 1432 1534 1520 dignitatis
1568 1478 1585 1505 ,
1620 1427 1982 1493 sollicitudi-

160 1529 323 1613 nisq.
348 1521 458 1586 suae
479 1523 827 1586 rationibus
850 1526 1191 1585 conuenire
1216 1521 1469 1596 censuit,
1488 1526 1763 1585 maximo
1792 1545 1981 1584 cona-

160 1638 226 1679 tu
250 1612 550 1703 aggressus
567 1662 586 1689 ,
615 1637 939 1703 nunquam
968 1611 1103 1675 sane
1126 1618 1398 1703 quieuit,
1422 1611 1536 1674 nili
1556 1636 1616 1676 re
1638 1628 1768 1675 tota
1784 1611 1983 1703 perfe-

165 1709 258 1769 &a
276 1756 288 1768 .
323 1711 471 1768 Hoc
489 1726 691 1769 autem
713 1729 849 1768 non
869 1703 1110 1795 possum
1135 1702 1760 1778 inficiari,Nicolaum
1784 1709 1985 1787 Qn-

165 1820 295 1861 tum
315 1845 332 1872 ,
356 1818 414 1859 et
443 1795 660 1859 Paulos
683 1796 871 1871 duos,
893 1819 1088 1872 vnum
1120 1796 1473 1859 Secundum
1492 1844 1509 1870 ,
1544 1794 1805 1862 alterum
1835 1798 1986 1859 Ter-

167 1894 354 1963 tium,
385 1885 719 1951 Pontifices
742 1891 1054 1950 Maximos
1083 1886 1352 1977 aliquam
1376 1885 1451 1949 cle
1470 1886 1585 1949 hac
1605 1884 1730 1976 ipsa
1749 1910 1808 1950 re
1845 1910 1983 1950 non

169 2001 394 2043 certam
425 2000 632 2041 tamen
654 1977 1043 2046 deliberandi
1078 1984 1386 2041 rationem
1417 2026 1433 2054 ,
1471 1976 1572 2042 sed
1608 1976 1988 2042 collocutio-

169 2094 318 2133 nem
338 2090 577 2132 tantum
599 2116 616 2143 ,
639 2090 772 2158 quae
789 2067 1034 2131 fortasse
1057 2066 1188 2131 casu
1208 2069 1453 2142 incidit,
1478 2069 1821 2159 aliquando
1843 2067 1986 2131 inis-

173 2159 228 2224 se
246 2187 256 2221 :
275 2184 419 2221 nam
454 2180 715 2222 conatos
738 2158 851 2223 esse
870 2207 888 2234 ,
913 2158 1076 2221 haud
1108 2157 1246 2223 sane
1266 2158 1649 2224 affirmarim,
1667 2210 1679 2223 .
1726 2159 1984 2250 Spissum

170 2250 308 2314 sane
341 2249 545 2341 opusl,
580 2249 838 2313 arduum
869 2297 887 2325 ,
924 2273 984 2314 et
1014 2249 1338 2340 operosum
1376 2251 1702 2341 putabatur
1730 2279 1742 2313 ε
1773 2242 1987 2342 ide‘oq.

173 2367 310 2405 cum
331 2340 562 2405 confici
582 2340 767 2404 nullis
787 2346 966 2404 etiam
990 2341 1305 2407 immensis
1329 2340 1671 2433 sumptibus
1697 2344 1990 2406 existima-

177 2455 339 2496 retur
362 2480 379 2507 ,
416 2430 540 2496 sola
572 2436 849 2495 maximae
879 2432 1249 2497 difficultatis
1271 2438 1715 2523 cogitationeij
1737 2434 1989 2497 deterri-

177 2529 254 2599 ti,
279 2545 381 2586 aut
401 2545 561 2586 certe
583 2545 788 2586 morte
810 2530 1031 2615 erepti,
1057 2524 1219 2588 nihil
1244 2530 1309 2587 in
1333 2518 1407 2590 eo
1437 2550 1664 2615 genere
1681 2547 1990 2614 vnquam„

176 2638 383 2705 neque
401 2636 778 2678 attentarunt
794 2663 812 2690 ,
835 2640 950 2680 nec
969 2641 1118 2680 vero
1140 2621 1478 2708 quicquam
1500 2637 1784 2707 egerunt.
1817 2622 1987 2678 Deus

178 2710 399 2796 igitur,
422 2710 531 2797 qui
554 2709 769 2770 cuncsta
786 2707 1172 2783 moderatur,
1194 2730 1377 2800 atque
1410 2708 1717 2798 gubernat
1739 2731 1866 2772 rem
1892 2707 1993 2769 de-

1553 2803 1606 2860 C
1813 2821 1988 2861 mum
