2144 3163
174 99 517 196 poss'untad
539 97 802 163 ecclefiae
822 98 1531 190 amplitudinem.Atisti
1550 101 1811 191 porro,si
1830 110 1914 169 rei
1931 107 2039 171 hu-

174 193 333 260 iusce
368 191 765 283 splendorem
804 190 1146 281 aliquando
1186 214 1323 253 non
1356 191 1732 280 aspexerint,
1753 196 2034 284 profecto

176 287 431 349 demum
455 281 641 373 quam
665 280 978 373 perspicue
998 279 1107 371 ipsi
1126 279 1436 357 fallantur,
1462 308 1532 347 ex
1555 282 1820 347 aliorum
1840 283 2035 364 libris,

178 378 366 440 latine
389 372 992 464 luculenter-scriptis
1012 420 1029 447 ,
1056 371 1449 460 intelligent,
1471 379 1613 463 qui,
1634 375 1707 438 ad
1730 373 2036 467 sempiter-

179 492 324 530 nam
360 470 733 530 memoriam
770 462 1035 555 impressi
1053 512 1070 539 ,
1098 463 1272 527 breui
1294 469 1656 528 emittentur
1673 515 1685 528 .
1732 471 1864 555 Ego
1884 491 2034 532 vero

177 566 412 622 interea
430 555 549 621 tam
572 556 922 620 admirandi
943 559 1171 646 opem,
1196 554 1373 645 quod
1396 553 1429 618 a
1446 555 1775 619 Pontificia
1791 563 2036 635 virtute,

178 655 469 741 pietateq.
490 671 694 712 totum
724 649 1040 711 dimanare
1060 647 1768 739 animaduert0,quodq.
1788 673 1923 712 non
1944 674 2038 712 vr-

179 743 244 804 bi
262 748 481 805 Romae
501 762 763 816 tantum,
788 763 921 830 quae
941 737 1320 828 religionem
1343 738 1717 802 catholicam
1737 742 2035 830 perpetuo

176 831 354 908 aluit,
380 830 479 895 sed
514 831 657 895 orbi
676 829 965 895 vniuerso
987 831 1344 893 Christiano
1373 829 1447 892 ad
1468 834 1568 920 pie
1588 830 1815 919 agendi
1838 831 2037 894 officia

173 923 323 987 vtile
354 928 422 986 in
458 947 680 988 omnes
711 945 911 1014 partes
947 920 1065 986 effe
1096 919 1334 997 sentio,
1375 921 1810 1011 magnitudine
1839 922 2034 986 addu-

175 1014 552 1092 &us,facere
573 1039 708 1078 non
745 1020 960 1105 potui,
998 1018 1152 1104 quin
1192 1012 1269 1076 de
1291 1039 1366 1077 eo
1401 1012 1637 1103 aliquid
1660 1012 1783 1078 hoc
1803 1012 2035 1105 potissi-

173 1132 346 1171 mum
372 1129 658 1197 tempore
678 1104 1068 1170 scriberem...
1119 1105 1215 1167 Est
1234 1110 1402 1167 enim
1437 1104 1721 1167 hominis
1743 1152 1760 1180 ‚
1787 1129 1922 1168 non
1944 1103 2033 1168 so-

174 1197 301 1262 lum
322 1197 584 1263 anatura
604 1198 767 1262 bene
787 1196 1149 1271 informati,
1174 1193 1273 1260 sed
1296 1201 1434 1260 otio
1453 1220 1522 1258 ac
1541 1196 1741 1277 studijs
1768 1202 2032 1260 minime

170 1290 896 1381 abutentis‚res‚quamm
920 1287 1200 1378 exempla
1216 1285 1348 1371 alijs
1369 1288 1467 1352 vel
1486 1285 1760 1379 publice,
1780 1286 1879 1351 vel
1908 1292 2031 1378 pri-

170 1386 362 1446 uatim
380 1382 678 1472 deinceps
704 1380 1036 1472 profutura
1063 1378 1230 1455 sunt,
1253 1379 1468 1443 litteris
1488 1379 1564 1442 ad
1582 1380 2030 1470 posteritatem

170 1473 437 1564 prodere
457 1525 469 1536 .
487 1477 542 1536 A
563 1497 693 1564 quo
715 1471 1028 1537 scribendi
1045 1495 1273 1560 genere
1296 1493 1675 1561 quamquam
1696 1467 1889 1534 multa
1909 1468 2031 1533 val-

172 1564 249 1628 de
279 1590 380 1628 me
413 1565 718 1629 deterrere
756 1585 1124 1655 potuerant,
1146 1562 1598 1653 illudq.praeter
1623 1584 1821 1626 cetera
1839 1566 2030 1625 maxi-

170 1681 272 1720 me
288 1705 307 1732 ,
332 1657 501 1747 quod
522 1655 766 1720 nullum
788 1661 1029 1746 ingenij
1051 1678 1312 1719 acumen
1334 1702 1351 1729 ,
1382 1652 1550 1717 nulla
1568 1653 1822 1716 dicendi
1842 1652 2028 1716 lumi-

168 1773 268 1824 na,
292 1747 487 1812 nullas
509 1754 815 1811 orationis
837 1771 987 1838 opes
1008 1752 1075 1810 in
1097 1772 1195 1810 me
1222 1743 1337 1809 esse
1360 1744 1548 1808 video
1571 1772 1583 1808 z
1606 1743 2024 1808 nihilominus

170 1861 380 1903 tamen
404 1844 555 1902 vicit
573 1838 733 1902 boni
760 1839 1009 1930 publici
1033 1837 1235 1912 causa,
1258 1860 1373 1926 pro
1397 1858 1519 1926 qua
1540 1842 1738 1900 emori
1759 1835 2022 1926 possum.

167 1935 306 1995 Nec
323 1955 474 1994 vero
506 1929 831 2020 quisquam
854 1951 1063 2021 putet,
1085 1930 1248 1991 hanc
1281 1926 1313 1990 a
1348 1952 1448 1990 me
1481 1925 1885 2017 scriptionem
1909 1926 2024 1990 effe

171 2048 247 2086 eo
283 2020 551 2085 consilio
585 2020 917 2113 susceptam
936 2069 955 2096 ,
984 2021 1259 2109 vtlonge
1278 2017 1666 2112 lateq.velim
1688 2017 1927 2107 digredi
1948 2018 2026 2081 ad

168 2112 377 2177 laudes
398 2111 757 2189 PontificiS,
784 2135 844 2177 et
870 2117 1018 2176 Sixti
1049 2109 1626 2198 QintiPontificis
1647 2115 1849 2173 :cuius
1887 2108 2024 2199 glo-

170 2210 256 2267 ria
272 2229 409 2268 non
433 2205 596 2296 apud
615 2204 1000 2268 Christianos
1026 2204 1225 2267 modo
1242 2201 1516 2293 populos
1536 2250 1557 2278 2
1573 2226 1789 2266 verum
1811 2205 2025 2265 etiam.-

168 2297 330 2386 apud
360 2318 634 2359 externas
669 2296 765 2359 vel
800 2294 1288 2358 difiunfflssimas
1320 2299 1608 2358 nationes
1645 2295 1727 2356 est
1755 2290 2020 2353 infinitis

167 2410 366 2478 prope
384 2386 830 2451 accessionibus
850 2413 943 2450 am
956 2386 1248 2477 plificata.
1294 2390 1419 2447 Iam
1443 2384 1642 2474 probe
1663 2387 2021 2472 cognitum,

173 2480 288 2553 est,
312 2500 540 2568 quanta
559 2484 605 2540 is
633 2476 1090 2555 sollicitudine,
1112 2500 1171 2542 et
1194 2474 1378 2568 quam
1409 2474 1649 2539 summa.
1664 2472 2017 2563 vigilantia,

170 2571 395 2632 Christi
417 2569 677 2633 ecclessae
702 2569 1057 2662 prospiciat,
1075 2591 1259 2660 atque
1281 2565 1591 2631 consulat:
1610 2564 2021 2657 perspedkum.»

174 2661 255 2722 est
275 2665 487 2737 etiam,
511 2661 697 2751 quam
732 2661 1018 2751 singulari
1041 2656 1334 2752 sapientia
1364 2664 1432 2721 in
1453 2664 1632 2722 omni
1665 2680 1891 2747 genere
1924 2679 2021 2718 ex-

175 2748 377 2815 cellat:
398 2775 624 2818 notum
642 2776 929 2846 praeterea
947 2754 1026 2818 est
1042 2753 1317 2846 praestans
1338 2755 1462 2816 eius
1481 2744 2020 2841 ingeniu1n‚coele-

1818 2839 1886 2903 sti
1906 2837 2018 2900 do-
