2144 3163
149 116 392 171 vero‚vt
409 92 512 158 ille
542 117 650 185 per
684 96 959 184 quietem
983 88 1193 154 scalam
1216 94 1489 180 ingentis
1511 89 1969 179 magnitudinis-

133 188 342 263 ‹vidit‚
380 193 546 250 cuius
582 209 875 248 cacumen
915 183 1106 246 coelos
1143 204 1455 272 tangeret,
1494 180 1961 271 ascendentesq.

150 301 209 342 et
227 277 670 342 descendentes
707 300 814 366 per
846 300 974 339 eam
1018 273 1411 361 Deiangelos
1434 300 1447 335 t
1471 298 1600 338 rem
1625 295 1784 337 certe
1804 274 1964 335 Vidit

147 369 395 460 plenam
425 369 848 454 myster-iorum
884 394 897 428 z
931 364 1418 437 sicsanstiliimus
1453 364 1738 428 Pontifex
1767 369 1960 427 Sixtus

149 464 431 546 Qintus
453 509 469 535 ,
489 461 636 523 dum
658 459 732 522 de
754 456 1033 521 obelisco
1054 453 1345 518 sacrando
1361 504 1378 531 ‚
1402 479 1644 546 cruceq.
1664 461 1729 517 in
1758 482 1831 519 eo
1854 460 1962 518 eri—

149 552 353 641 genda
369 550 708 642 aliquando
730 554 980 638 cogitat,
1001 547 1239 638 aliquid
1259 551 1452 609 tacitis
1476 552 1703 609 mentis
1724 546 1834 609 suae
1857 572 1963 609 co<-

146 637 557 731 gitationibus
587 639 829 705 fortasse
863 640 1167 703 diuinitus
1201 638 1484 729 praeuidit
1511 687 1531 714 ,
1568 640 1744 730 quod
1782 643 1847 700 in
1884 663 1959 700 eo

148 726 336 824 opere
354 732 481 797 vsui
501 731 773 796 futurum
797 729 938 795 cffet
955 730 1166 820 gloria:
1188 735 1344 805 Dei,
1363 734 1868 820 propagationiq..
1891 728 1958 791 fi-

148 825 277 888 dei.
333 831 462 914 Ego
482 849 631 888 vero
653 825 751 914 spe
786 829 851 885 in
873 824 1000 886 dies
1024 825 1307 886 &mitiori
1343 821 1428 884 fio
1449 870 1467 897 ,
1490 814 1831 931 aliquando
1860 819 1959 883 fo-

148 941 210 980 re
227 965 245 991 ,
265 940 332 979 vt
360 939 575 1005 gentes
595 964 610 990 ,
633 914 1035 977 multitudine
1065 911 1554 976 innumerabiles
1575 961 1592 987 ‚
1614 940 1645 976 a
1675 911 1796 974 fide
1821 912 1959 974 alie·

146 1032 238 1069 nce
254 1055 271 1082 ‚
294 1014 566 1071 Romam
587 1006 661 1068 ad
687 1005 906 1067 limina
937 1002 1390 1095 Apostolorum
1413 1003 1783 1093 confugiant
1800 1053 1817 1079 ‚
1847 1004 1959 1066 vbi

146 1098 424 1189 hocipso
461 1105 689 1173 cruciS,
715 1121 912 1187 nuper
945 1099 1185 1171 εῑεᾶὶεε,
1218 1096 1406 1171 loco,
1439 1096 1768 1186 repudiatis
1801 1093 1958 1160 falsis

147 1189 256 1271 dijs
276 1240 293 1266 ,
320 1189 626 1280 explosaq.
650 1194 828 1253 omni
849 1193 1089 1278 impura
1107 1185 1530 1278 superstitione
1549 1236 1566 1262 ,
1591 1187 1779 1250 cultui
1803 1186 1962 1249 chri-

142 1282 342 1343 stianae
361 1281 684 1370 religionis
706 1279 1022 1343 castissimo
1046 1279 1392 1341 adhaereant
1412 1308 1423 1343 ε
1444 1280 1506 1341 id
1537 1279 1713 1368 quod
1749 1279 1964 1342 diuina

140 1371 546 1462 pi‘aeleiifione
581 1374 856 1461 Brigitha
878 1369 1233 1434 lanstissima
1250 1371 1504 1435 tandem
1524 1369 1795 1435 futurum
1818 1394 1962 1461 prce-

141 1464 322 1527 dixit.
373 1469 490 1526 His
511 1487 693 1554 atque
710 1466 838 1547 alijs
860 1461 1262 1526 sanctioribus
1284 1461 1631 1552 caus18,quae
1653 1462 1814 1524 illius
1835 1467 1961 1524 ani»

142 1581 314 1619 mum
335 1554 777 1645 impellebant,
812 1577 871 1618 et
897 1551 1185 1643 singulari
1219 1552 1484 1642 quadam
1517 1576 1723 1644 Vei-eq.
1750 1558 1959 1644 ponti⁴

143 1647 281 1710 ficia
300 1645 410 1709 suae
431 1652 658 1710 mentis
683 1645 987 1735 religione
1005 1649 1291 1707 incitatus
1315 1643 1438 1735 ipse
1456 1643 1776 1720 Pontifex,
1808 1668 1958 1709 tune

140 1737 318 1802 facile
355 1736 828 1801 dissuadentium
865 1735 1195 1800 consilium
1228 1732 1444 1825 fregit,
1476 1758 1659 1826 atque
1683 1735 1946 1800 summas

143 1830 274 1893 illas
309 1828 694 1892 difficultates
730 1827 1062 1918 superauit,
1085 1849 1231 1917 quas
1264 1826 1360 1912 alij
1397 1827 1535 1889 alias
1561 1835 1621 1890 in
1646 1828 1958 1893 medium)

140 1919 351 1984 afferre
384 1920 770 1984 studuerunt.
821 1923 906 1982 At
936 1943 1086 1983 vero
1122 1918 1520 2008 denique‚vt
1547 1921 1618 1982 ad
1656 1925 1741 1984 rei
1779 1919 1960 2010 perfi-

145 2012 378 2074 ciendae
410 2013 672 2079 modum
708 2016 954 2074 veniam
976 2058 992 2085 ,
1027 2016 1148 2071 iam
1179 2008 1469 2073 Pontifex
1492 2011 1598 2074 diu
1623 2017 1957 2075 Dominici

143 2109 432 2165 Fontanae
452 2101 765 2166 architecti
787 2100 1107 2192 speciatam
1143 2099 1332 2163 fidem
1351 2149 1369 2176 ,
1393 2100 1834 2194 exploratamq.
1862 2108 1958 2166 in„

142 2193 269 2273 alijs
290 2191 808 2256 aedificationibus
825 2192 1183 2255 industriam
1202 2191 1516 2256 habuerat:
1537 2193 1749 2285 ideoq.
1773 2201 1826 2258 ei
1846 2217 1957 2284 po-

141 2283 430 2347 tissimum
468 2308 668 2347 curam
706 2281 1179 2374 huiusceoperis
1204 2283 1663 2374 diligentiffime
1690 2291 1956 2348 commi-

127 2375 245 2438 ·sit:
282 2376 618 2466 eundemq.
652 2374 692 2437 si
734 2374 989 2464 quando
1023 2380 1089 2438 in
1125 2400 1185 2440 re
1212 2375 1532 2439 commissa
1563 2376 1959 2466 languescen-

144 2490 269 2532 tem
293 2467 761 2541 animaduertit,
780 2489 927 2528 tunc
944 2489 1003 2530 et
1027 2464 1967 2560 cohortationibus,etpraemio-

147 2583 280 2621 rum
325 2557 782 2647 pollicitatione
814 2606 834 2632 ,
876 2580 935 2621 et
979 2556 1284 2648 saepissime
1315 2562 1672 2623 auctoritate
1703 2565 1958 2624 excitare

145 2674 280 2713 non
309 2649 536 2712 destitit
553 2698 570 2724 ,
589 2672 656 2712 vt
688 2654 854 2712 cuius
878 2654 961 2712 rei
982 2649 1285 2714 desiderio
1307 2674 1420 2742 pro
1440 2652 1663 2714 Christi
1685 2656 1957 2714 Domini

142 2740 343 2832 gloria
372 2789 389 2817 ‚
427 2762 610 2833 proq.
643 2745 887 2833 pietatis
928 2740 1127 2807 studio
1157 2747 1380 2808 intime
1414 2742 1709 2833 flagrabat
1734 2766 1852 2816 ,flea
1881 2746 1955 2804 ad

1642 2830 1955 2898 summum
